<record><leader>00000cas a2200000 a 4500</leader><controlfield tag="001">11978434</controlfield><controlfield tag="008">850429d187918uuksumr ne      0    0eng d</controlfield><datafield ind1=" " ind2=" " tag="010"><subfield code="a">sn 85031231 </subfield></datafield><datafield ind1=" " ind2=" " tag="040"><subfield code="a">KSH</subfield><subfield code="b">eng</subfield><subfield code="c">KSH</subfield><subfield code="d">NPT</subfield><subfield code="d">OCL</subfield><subfield code="d">OCLCQ</subfield></datafield><datafield ind1=" " ind2=" " tag="042"><subfield code="a">msc</subfield></datafield><datafield ind1="0" ind2=" " tag="130"><subfield code="a">Kansas pilot (Blue Rapids, Kan.)</subfield></datafield><datafield ind1="1" ind2="4" tag="245"><subfield code="a">The Kansas pilot.</subfield></datafield><datafield ind1=" " ind2=" " tag="260"><subfield code="a">Blue Rapids, Kan. :</subfield><subfield code="b">C.E. Tibbets,</subfield><subfield code="c">1879-</subfield></datafield><datafield ind1=" " ind2=" " tag="300"><subfield code="a">v. ;</subfield><subfield code="c">38 cm.</subfield></datafield><datafield ind1=" " ind2=" " tag="310"><subfield code="a">Monthly</subfield></datafield><datafield ind1="0" ind2=" " tag="362"><subfield code="a">Vol. 1, no. 1 (Jan. 1879)-</subfield></datafield><datafield ind1=" " ind2=" " tag="500"><subfield code="a">"In the interest of immigration and settlement."</subfield></datafield><datafield ind1=" " ind2=" " tag="515"><subfield code="a">Numbering is irregular.</subfield></datafield><datafield ind1=" " ind2=" " tag="752"><subfield code="a">United States</subfield><subfield code="b">Kansas</subfield><subfield code="c">Marshall</subfield><subfield code="d">Blue Rapids.</subfield></datafield></record>